@misc{porter2001snowball,
	title={Snowball: A language for stemming algorithms},
	author={Porter, Martin F},
	year={2001}
}

@book{Bishop:1995:NNP:525960,
	author = {Bishop, Christopher M.},
	title = {Neural Networks for Pattern Recognition},
	year = {1995},
	isbn = {0198538642},
	publisher = {Oxford University Press, Inc.},
	address = {New York, NY, USA},
} 

@book{Jurafsky:2009:SLP:1214993,
 author = {Jurafsky, Daniel and Martin, James H.},
 title = {Speech and Language Processing (2nd Edition)},
 year = {2009},
 isbn = {0131873210},
 publisher = {Prentice-Hall, Inc.},
 address = {Upper Saddle River, NJ, USA},
}

@misc{GasserNotes,
    author = {Gasser, M.},
    title = {B651: Natural Language Processing, Lecture notes},
    year = {2012},
    howpublished = {\url{https://www.cs.indiana.edu/classes/b651-gass/Notes/syntax4.htm}}  

}