
@misc{porter2001snowball,
	title={{Snowball}: {A} {Language} for {Stemming} {Algorithms}},
	author={Porter, Martin F},
	howpublished= {/\url{http://snowball.tartarus.org/introduction.html}},
	year={2001}
}

@book{Bishop:1995:NNP:525960,
	author = {Bishop, Christopher M.},
	title = {Neural Networks for Pattern Recognition},
	year = {1995},
	isbn = {0198538642},
	publisher = {Oxford University Press, Inc.},
	address = {New York, NY, USA},
}

@book{Jurafsky:2009:SLP:1214993,
 author = {Jurafsky, Daniel and Martin, James H.},
 title = {Speech and Language Processing (2nd Edition)},
 year = {2009},
 isbn = {0131873210},
 publisher = {Prentice-Hall, Inc.},
 address = {Upper Saddle River, NJ, USA},
}

@book{Blockeel,
    author = {Blockeel, H.},
    title = {Machine Learning and Inductive Inference},
    year = {2010},
    isbn = {9789033482977},
    publisher = {Acco}
}


@book{bird2009natural,
	title={Natural language processing with Python},
	author={Bird, Steven and Klein, Ewan and Loper, Edward},
	year={2009},
	publisher={" O'Reilly Media, Inc."}
}

@misc{GasserNotes,
    author = {Gasser, M.},
    title = {B651: Natural {Language} {Processing}, Lecture notes},
    year = {2012},
    howpublished = {\url{https://www.cs.indiana.edu/classes/b651-gass/Notes/syntax4.htm}}

}

@misc{RNNTutorial,
    author = {Britz, D.},
    title = {{Recurrent} {Neural} {Networks} {Tutorial}},
    year = {2015},
    howpublished = {\url{http://www.wildml.com/2015/09/recurrent-neural-networks-tutorial-part-1-introduction-to-rnns/}}
}

@misc{facebook,
	author = {Facebook},
	title = {{Using} {Artificial} {Intelligence} to {Help} {Blind} {People} {See} -- {Facebook} {Newsroom}},
	howpublished = {\url{http://newsroom.fb.com/news/2016/04/using-artificial-intelligence-to-help-blind-people-see-facebook/}},
	month = {April},
	year = {2016}
}

@misc{maxpool,
    author = {Karpathy, A.},
    title = {{CS231n}: {Convolutional} {Neural} {Networks} {for} {Visual} {Recognition}, {Lecture} {notes}},
    year = {2015},
    howpublished = {\url{http://cs231n.github.io/convolutional-networks/#pool}}

}


http://cs231n.github.io/convolutional-networks/#pool

@misc{RMSprop,
    author = {Hinton, Geoffrey},
    title = {{Neural Networks for Machine Learning: Overview of Mini-batch Gradient Descent, lecture notes}},
    year = {2014},
    howpublished = {\url{http://www.cs.toronto.edu/~tijmen/csc321/slides/lecture_slides_lec6.pdf}}
}

@misc{LDAsien,
    author = {Moens, M.F. and Vulic, I.},
    title = {({Monolingual}) {Probabilistic} {Topic} {Modeling} and its {Applications} in {Information} {Search} and {Retrieval}, lecture slides},
    year = {2015}
}
